<record xmlns:xsi="http://www.w3.org/2001/XMLSchema-instance" xmlns="http://www.loc.gov/MARC21/slim" xsi:schemaLocation="http://www.loc.gov/MARC21/slim http://www.loc.gov/standards/marcxml/schema/MARC21slim.xsd">

  <leader>00951nam a2200217   4500</leader>
  <controlfield tag="008">160128b2015    cr ||||| |||| 00| | spa d</controlfield>
  <datafield ind2=" " ind1=" " tag="090">
    <subfield code="a">Tesis # 60</subfield>
  </datafield>
  <datafield ind1="1" ind2=" " tag="100">
    <subfield code="9">1362</subfield>
    <subfield code="a">Brenes Araya, Juan Manuel</subfield>
  </datafield>
  <datafield ind2="3" ind1="1" tag="245">
    <subfield code="a">El contenido de legislación laboral costarricense en el marco de cambio del programa de estudio vigente de educación cívica: un análisis crítico /</subfield>
  </datafield>
  <datafield tag="260" ind1=" " ind2=" ">
    <subfield code="a">San José, Costa Rica,</subfield>
    <subfield code="c">2015</subfield>
  </datafield>
  <datafield tag="300" ind2=" " ind1=" ">
    <subfield code="a">205 páginas</subfield>
  </datafield>
  <datafield tag="502" ind1=" " ind2=" ">
    <subfield code="a">Proyecto de graduación (licenciatura en la enseñanza de los estudios sociales y la educación cívica)--Universidad de Costa Rica. Facultad de Educación. Escuela de Formación Docente, 2015.</subfield>
  </datafield>
  <datafield tag="650" ind2="4" ind1="1">
    <subfield code="9">1363</subfield>
    <subfield code="a">EDUCACIÓN CÍVICA</subfield>
  </datafield>
  <datafield tag="650" ind2="4" ind1="1">
    <subfield code="9">451</subfield>
    <subfield code="a">POLÍTICA EDUCATIVA</subfield>
  </datafield>
  <datafield tag="650" ind2="4" ind1="1">
    <subfield code="9">1364</subfield>
    <subfield code="a">PROGRAMA DE ESTUDIOS</subfield>
  </datafield>
  <datafield tag="650" ind2="4" ind1="1">
    <subfield code="9">1365</subfield>
    <subfield code="a">LEGISLACIÓN DEL TRABAJO</subfield>
  </datafield>
  <datafield ind1=" " ind2="0" tag="651">
    <subfield code="9">47</subfield>
    <subfield code="a">COSTA RICA</subfield>
  </datafield>
  <datafield tag="700" ind2=" " ind1="1">
    <subfield code="9">1366</subfield>
    <subfield code="a">Gómez Loaiza, María</subfield>
  </datafield>
  <datafield tag="700" ind1="1" ind2=" ">
    <subfield code="9">1367</subfield>
    <subfield code="a">Guillén Jiménez, Esteban</subfield>
  </datafield>
  <datafield tag="942" ind1=" " ind2=" ">
    <subfield code="2">z</subfield>
    <subfield code="c">02</subfield>
  </datafield>
  <datafield ind2=" " ind1=" " tag="999">
    <subfield code="c">3048</subfield>
    <subfield code="d">3048</subfield>
  </datafield>
</record>